@String(PAMI  = {IEEE TPAMI})
@String(IJCV  = {IJCV})
@String(CVPR  = {CVPR})
@String(ICCV  = {ICCV})
@String(ECCV  = {ECCV})
@String(NIPS  = {NeurIPS})
@String(ICPR  = {ICPR})
@String(BMVC  =	{BMVC})
@String(TOG   = {ACM TOG})
@String(TIP   = {IEEE TIP})
@String(TVCG  = {IEEE TVCG})
@String(TCSVT = {IEEE TCSVT})
@String(TMM   =	{IEEE TMM})
@String(ACMMM = {ACM MM})
@String(ICME  =	{ICME})
@String(ICASSP=	{ICASSP})
@String(ICIP  = {ICIP})
@String(ACCV  = {ACCV})
@String(ICLR  = {ICLR})
@String(IJCAI = {IJCAI})
@String(PR = {PR})
@String(AAAI = {AAAI})
@String(CVPRW= {CVPRW})
@String(CSVT = {IEEE TCSVT})



@String(PAMI = {IEEE Trans. Pattern Anal. Mach. Intell.})
@String(IJCV = {Int. J. Comput. Vis.})
@String(CVPR= {IEEE Conf. Comput. Vis. Pattern Recog.})
@String(ICCV= {Int. Conf. Comput. Vis.})
@String(ECCV= {Eur. Conf. Comput. Vis.})
@String(NIPS= {Adv. Neural Inform. Process. Syst.})
@String(ICPR = {Int. Conf. Pattern Recog.})
@String(BMVC= {Brit. Mach. Vis. Conf.})
@String(TOG= {ACM Trans. Graph.})
@String(TIP  = {IEEE Trans. Image Process.})
@String(TVCG  = {IEEE Trans. Vis. Comput. Graph.})
@String(TMM  = {IEEE Trans. Multimedia})
@String(ACMMM= {ACM Int. Conf. Multimedia})
@String(ICME = {Int. Conf. Multimedia and Expo})
@String(ICASSP=	{ICASSP})
@String(ICIP = {IEEE Int. Conf. Image Process.})
@String(ACCV  = {ACCV})
@String(ICLR = {Int. Conf. Learn. Represent.})
@String(IJCAI = {IJCAI})
@String(PR   = {Pattern Recognition})
@String(AAAI = {AAAI})
@String(CVPRW= {IEEE Conf. Comput. Vis. Pattern Recog. Worksh.})
@String(CSVT = {IEEE Trans. Circuit Syst. Video Technol.})

@String(SPL	= {IEEE Sign. Process. Letters})
@String(VR   = {Vis. Res.})
@String(JOV	 = {J. Vis.})
@String(TVC  = {The Vis. Comput.})
@String(JCST  = {J. Comput. Sci. Tech.})
@String(CGF  = {Comput. Graph. Forum})
@String(CVM = {Computational Visual Media})



@misc{Authors14,
 author = {Jetin Abraham, Daniel Higdon, John Nelson, Juan Ibarra},
 title = {Cryptocurrency Price Prediction Using Tweet
Volumes and Sentiment Analysis},
 year = 2018
}

@misc{Authors14b,
 author = {FirstName LastName},
 title = {Frobnication tutorial},
 note = {Supplied as additional material {\tt tr.pdf}},
 year = 2014
}

@article{Alpher02,
author = {FirstName Alpher},
title = {Frobnication},
journal = PAMI,
volume = 12, 
number = 1, 
pages = {234--778}, 
year = 2002
}

@article{Alpher,
author = {Jetin Abraham; Daniel Higdon; John Nelson; and Juan Ibarra},
title = {Cryptocurrency Price Prediction Using Tweet Volumes and Sentiment Analysis},
journal = {SMU Data Science Review},
volume = 1, 
number = 3, 
pages = {Article 1}, 
year = 2018
}

@inproceedings{inproceedings,
author = {Ferdiansyah, Ferdiansyah and Othman, Siti and Raja Mohd Radzi, Raja Zahilah and Stiawan, Deris and Sazaki, Yoppy and Ependi, Usman},
year = {2019},
month = {10},
title = {A LSTM-Method for Bitcoin Price Prediction: A Case Study Yahoo Finance Stock Market},
doi = {10.1109/ICECOS47637.2019.8984499}
}
@article{kaggle,
author = {G-research},
title = {https://www.kaggle.com/c/g-research-crypto-forecasting/discussion},
journal = {kaggle-competition},
year = 2021
}


@article{Deep,
author = {Emmanuel Pintelas;Ioannis E. Livieris; Stavros Stavroyiannis; Theodore Kotsilieris and Panagiotis Pintelas},
title = {Investigating the Problem of Cryptocurrency Price Prediction: A Deep Learning Approach},
journal = {IFIP International Conference on Artificial Intelligence Applications and Innovations
AIAI 2020: Artificial Intelligence Applications and Innovations},
 
year = 2020
}

@article{portfolio,
author = {Yechi Ma,Ferhana Ahmad, Miao Liu, and Zilong Wangds},
title = {Portfolio optimization in the era of digital financialization using cryptocurrencies},
journal = {Elsevier
}}



